<record><leader>00000cas a22000007a 4500</leader><controlfield tag="001">16170764</controlfield><controlfield tag="008">870714d18uu1906txudr ne      0    0eng d</controlfield><datafield ind1=" " ind2=" " tag="010"><subfield code="a">sn 87090454 </subfield></datafield><datafield ind1=" " ind2=" " tag="040"><subfield code="a">PPM</subfield><subfield code="b">eng</subfield><subfield code="c">PPM</subfield><subfield code="d">OCLCQ</subfield></datafield><datafield ind1=" " ind2=" " tag="042"><subfield code="a">msc</subfield></datafield><datafield ind1="0" ind2=" " tag="130"><subfield code="a">Evening messenger (Marshall, Tex.)</subfield></datafield><datafield ind1="1" ind2="0" tag="245"><subfield code="a">Evening messenger.</subfield></datafield><datafield ind1="3" ind2="0" tag="246"><subfield code="a">Sunday messenger</subfield></datafield><datafield ind1=" " ind2=" " tag="260"><subfield code="a">Marshall, Tex. :</subfield><subfield code="b">[s.n.]</subfield></datafield><datafield ind1=" " ind2=" " tag="310"><subfield code="a">Daily</subfield></datafield><datafield ind1="1" ind2=" " tag="362"><subfield code="a">Ceased Sep., 1906.</subfield></datafield><datafield ind1=" " ind2=" " tag="500"><subfield code="a">Sunday edition published as: The Sunday messenger.</subfield></datafield><datafield ind1=" " ind2=" " tag="588"><subfield code="a">Description based on: Jan. 12, 1893 issue.</subfield></datafield><datafield ind1=" " ind2=" " tag="752"><subfield code="a">United States</subfield><subfield code="b">Texas</subfield><subfield code="c">Harrison</subfield><subfield code="d">Marshall.</subfield></datafield><datafield ind1="0" ind2=" " tag="775"><subfield code="t">Marshall messenger (Marshall, Tex. : 1877)</subfield><subfield code="w">(DLC)sn 86064225</subfield></datafield><datafield ind1="0" ind2="0" tag="780"><subfield code="t">Daily messenger (Marshall, Tex.)</subfield><subfield code="w">(DLC)sn 87090428</subfield></datafield><datafield ind1="0" ind2="0" tag="785"><subfield code="t">Marshall messenger (Marshall, Tex. : 1906)</subfield><subfield code="w">(DLC)sn 88083935</subfield></datafield></record>